@inproceedings{DopplereffectV2V,
author={Noh, Sun-Kuk and Kim, Phil-jung and Yoon, Jung-Hyun},
booktitle={2016 International Conference on Information and Communication Technology Convergence (ICTC)}, 
title={Doppler effect on V2I path loss and V2V channel models}, 
year={2016},
volume={},
number={},
pages={898-902},
keywords={Channel models;Doppler shift;Vehicular ad hoc networks;Vehicles;Simulation;Wireless communication;Doppler shift;channel model;V2V;V2I;ITS},
doi={10.1109/ICTC.2016.7763324}}

@INPROCEEDINGS{5GReady,
author={Dembeck, Lars and Benzaoui, Nihel and Lautenschlaeger, Wolfram and Pointurier, Yvan},
booktitle={45th European Conference on Optical Communication (ECOC 2019)}, 
title={Is the optical transport network of 5G ready for industry 4.0?}, 
year={2019},
volume={},
number={},
pages={1-4},
keywords={INDUSTRY 4.0;5G;TIME SENSITIVE NETWORKS;EDGE CLOUD;APPLICATION},
doi={10.1049/cp.2019.0876}}

@INPROCEEDINGS{V2V,
author={Jiang, Daniel and Delgrossi, Luca},
booktitle={VTC Spring 2008 - IEEE Vehicular Technology Conference}, 
title={IEEE 802.11p: Towards an International Standard for Wireless Access in Vehicular Environments}, 
year={2008},
volume={},
number={},
pages={2036-2040},
keywords={Vehicle safety;Vehicle driving;FCC;Road safety;Road vehicles;Broadcasting;Standardization;Communication standards;Standards development;North America},
doi={10.1109/VETECS.2008.458}}


@INPROCEEDINGS{AutonomousRemoteSensing,
author={Juang, Rong-Terng},
booktitle={2019 4th Asia-Pacific Conference on Intelligent Robot Systems (ACIRS)}, 
title={The Implementation of Remote Monitoring for Autonomous Driving}, 
year={2019},
volume={},
number={},
pages={53-56},
keywords={Laser radar;Autonomous vehicles;Remote control;Discrete cosine transforms;Remote monitoring;Ethernet;autonomous vehicle;data recording;remote monitoring},
doi={10.1109/ACIRS.2019.8935978}}

@INPROCEEDINGS{FastFading,
author={Zhang, Hongyang and Huang, Xiaojing and Zhang, J. Andrew},
booktitle={2019 IEEE/CIC International Conference on Communications in China (ICCC)}, 
title={Comparison of OTFS Diversity Performance over Slow and Fast Fading Channels}, 
year={2019},
volume={},
number={},
pages={828-833},
keywords={OFDM;Fading channels;Doppler effect;Delays;Transforms;Time-frequency analysis;Modulation;OTFS;OFDM;single-carrier;diversity;delay-Doppler channel},
doi={10.1109/ICCChina.2019.8855898}}


